% Encoding: UTF-8

@Article{whatIsRPA,
	author       = {Boulton, Clint},
	title        = {What is RPA? A revolution in business process automation},
	journal      = {CIO},
	journaltitle = {CIO},
	year         = {2018},
	date         = {2018-09-03},
}

@Article{isRPAWorthIt,
	author       = {Farouk, Farah},
	title        = {Is RPA worth it?},
	journal      = {Medium},
	journaltitle = {Medium},
	year         = {2019},
	date         = {2019-06-01},
}

@Article{rpaMomentum,
	author       = {Davis, Jessica},
	title        = {Robotic Process Automation Gains Momentum},
	journal      = {InformationWeek},
	journaltitle = {InformationWeek},
	year         = {2019},
	date         = {2019-02-26},
}

@Article{explainRPA,
	author       = {Casey, Kevin},
	title        = {How to explain Robotic Process Automation (RPA) in plain English},
	journal      = {THE ENTERPRISERS PROJECT},
	journaltitle = {THE ENTERPRISERS PROJECT},
	year         = {2019},
	date         = {2019-05-07},
}

@Article{whatIsDP,
	author       = {Pearlman, Shana},
	title        = {What is Data Processing?},
	journal      = {Talend},
	journaltitle = {Talend},
	year         = {2019},
	date         = {2019-03-11},
}

@Article{efficiencyRPA,
  author       = {Katie Behrens},
  title        = {Benefit of RPA: Efficiency},
  journal      = {UiPath},
  journaltitle = {UiPath},
  year         = {2015},
  date         = {2015-03-04},
}

@Article{everythingRPA,
  author       = {Margret Rouse},
  title        = {What Is RPA? Everything You Need to Know},
  journal      = {IoT Agenda},
  journaltitle = {IoT Agenda},
  year         = {2020},
  date         = {2020-01},
}

@Article{predictionRPA,
  author       = {ISHIR},
  title        = {Robotic Process Automation Predictions — What is the future of RPA?},
  journal      = {Medium},
  journaltitle = {Medium},
  year         = {2018},
  date         = {2018-01-31},
}

@Article{futRPA,
  author       = {AZ BIG MEDIA},
  title        = {2020 and beyond: The future of RPA (Robotic Process Automation)},
  journal      = {AZ BIG MEDIA},
  journaltitle = {AZ BIG MEDIA},
  year         = {2020},
  date         = {2020-01-28},
}

@Article{idrRPA,
  author       = {Przemek Chojecki},
  title        = {Intelligent Digital Robots or RPA 2.0},
  journal      = {Towards Data Science},
  journaltitle = {Towards Data Science},
  year         = {2019},
  date         = {2019-05-28},
}

@Article{indusRev,
  author       = {Redactie},
  title        = {Industriële Revolutie - Samenvatting, oorzaken en gevolgen},
  journal      = {Historiek},
  journaltitle = {Historiek},
  year         = {2020},
  date         = {2020-01-09},
}

@Article{cFutRPA,
  author       = {Marcell Vollmer},
  title        = {The Future of RPA},
  journal      = {Celonis},
  journaltitle = {Celonis},
  year         = {2019},
  date         = {2019-11-06},
}

@Article{hyperautomation,
  author       = {Bobby Patrick},
  title        = {Are You Ready for Hyperautomation?},
  journal      = {UiPath},
  journaltitle = {UiPath},
  year         = {2019},
  date         = {2019-11-25},
}

@Article{futureRPA,
  author       = {AIMultiple},
  title        = {Future of RPA: In-depth Guide to RPA Innovation in 2020},
  journal      = {AIMultiple},
  journaltitle = {AIMultiple},
  year         = {2020},
  date         = {2020-01-01},
}

@Article{everythingIPA,
  author       = {Federico Berruti and Graeme Nixon and Giambattista Taglioni and Rob Whiteman},
  date         = {2017-03},
  journaltitle = {McKinsey Digital},
  title        = {Intelligent process automation: The engine at the core of the next-generation operating model},
  journal      = {McKinsey Digital},
  year         = {2017},
}

@Article{pitfallsRPA,
  author       = {AIMultiple},
  title        = {20 RPA Pitfalls \& the Checklist for Avoiding Them},
  journal      = {AIMultiple},
  journaltitle = {AIMultiple},
  year         = {2020},
  date         = {2020-01-01},
}

@Article{rpaVsScript,
  author       = {Erika Morphy},
  date         = {2017-11-29},
  journaltitle = {CMS Wire},
  title        = {Answers to Your Robotic Process Automation vs. Traditional Automation Questions},
}

@Article{marktRPA,
  author       = {Dave Vellante and Mike Wheatley},
  date         = {2020-02-17},
  journaltitle = {SiliconAngle},
  title        = {Robotic process automation is a big market, but there will be only one big winner},
}

@Article{burnout,
  author       = {Elizabeth Grace Saunders},
  date         = {2019-07-05},
  journaltitle = {Harvard Business Review},
  title        = {6 Causes of Burnout, and How to Avoid Them},
}

@Comment{jabref-meta: databaseType:biblatex;}
