% Encoding: UTF-8

@Article{whatIsRPA,
  author       = {Boulton, Clint},
  title        = {What is RPA? A revolution in business process automation},
  journal      = {CIO},
  journaltitle = {CIO},
  year         = {2018},
  date         = {2018-09-03},
}

@Article{isRPAWorthIt,
  author       = {Farouk, Farah},
  title        = {Is RPA worth it?},
  journal      = {Medium},
  journaltitle = {Medium},
  year         = {2019},
  date         = {2019-06-01},
}

@Article{rpaMomentum,
  author       = {Davis, Jessica},
  title        = {Robotic Process Automation Gains Momentum},
  journal      = {InformationWeek},
  journaltitle = {InformationWeek},
  year         = {2019},
  date         = {2019-02-26},
}

@Article{explainRPA,
  author       = {Casey, Kevin},
  title        = {How to explain Robotic Process Automation (RPA) in plain English},
  journal      = {THE ENTERPRISERS PROJECT},
  journaltitle = {THE ENTERPRISERS PROJECT},
  year         = {2019},
  date         = {2019-05-07},
}

@Article{whatIsDP,
  author       = {Pearlman, Shana},
  title        = {What is Data Processing?},
  journal      = {Talend},
  journaltitle = {Talend},
  year         = {2019},
  date         = {2019-03-11},
}

@Comment{jabref-meta: databaseType:biblatex;}
